@inproceedings{muja2012fast,
  title={Fast matching of binary features},
  author={Muja, Marius and Lowe, David G},
  booktitle={2012 Ninth conference on computer and robot vision},
  pages={404--410},
  year={2012},
  organization={IEEE}
}
@inproceedings{peker2011binary,
  title={Binary sift: Fast image retrieval using binary quantized sift features},
  author={Peker, Kadir A},
  booktitle={2011 9th International Workshop on Content-Based Multimedia Indexing (CBMI)},
  pages={217--222},
  year={2011},
  organization={IEEE}
}
